@article{ma2018model,
  title={Model reduction with memory and the machine learning of dynamical systems},
  author={Ma, Chao and Wang, Jianchun and others},
  journal={arXiv preprint arXiv:1808.04258},
  year={2018}
}

@inproceedings{balaprakash2018deephyper,
  title={DeepHyper: Asynchronous Hyperparameter Search for Deep Neural Networks},
  author={Balaprakash, Prasanna and Salim, Michael and Uram, Thomas and Vishwanath, Venkat and Wild, Stefan},
  booktitle={2018 IEEE 25th International Conference on High Performance Computing (HiPC)},
  pages={42--51},
  year={2018},
  organization={IEEE}
}

@article{carlberg2011efficient,
  title={{Efficient non-linear model reduction via a least-squares Petrov--Galerkin projection and compressive tensor approximations}},
  author={Carlberg, Kevin and Bou-Mosleh, Charbel and Farhat, Charbel},
  journal={Int. J. Numer. Meth. Eng.},
  volume={86},
  number={2},
  pages={155--181},
  year={2011},
  publisher={Wiley Online Library}
}

@article{reshniak2019robust,
  title={Robust learning with implicit residual networks},
  author={Reshniak, Viktor and Webster, Clayton},
  journal={arXiv preprint arXiv:1905.10479},
  year={2019}
}

@article{wang2012proper,
  title={{Proper orthogonal decomposition closure models for turbulent flows: a numerical comparison}},
  author={Wang, Zhu and Akhtar, Imran and Borggaard, Jeff and Iliescu, Traian},
  journal={Comput. Meth. Appl. M.},
  volume={237},
  pages={10--26},
  year={2012},
  publisher={Elsevier}
}

@article{san2015principal,
  title={{Principal interval decomposition framework for POD reduced-order modeling of convective Boussinesq flows}},
  author={San, O and Borggaard, J},
  journal={Int. J. Numer. Meth. Fl.},
  volume={78},
  number={1},
  pages={37--62},
  year={2015},
  publisher={Wiley Online Library}
}

@article{nguyen2009reduced,
  title={{Reduced basis approximation and a posteriori error estimation for the time-dependent viscous Burgersâ€™ equation}},
  author={Nguyen, Ngoc-Cuong and Rozza, Gianluigi and Patera, Anthony T},
  journal={Calcolo},
  volume={46},
  number={3},
  pages={157--185},
  year={2009},
  publisher={Springer}
}

@article{ballarin2015supremizer,
  title={{Supremizer stabilization of POD--Galerkin approximation of parametrized steady incompressible Navier--Stokes equations}},
  author={Ballarin, Francesco and Manzoni, Andrea and Quarteroni, Alfio and Rozza, Gianluigi},
  journal={Int. J. Numer. Meth. Eng.},
  volume={102},
  number={5},
  pages={1136--1161},
  year={2015},
  publisher={Wiley Online Library}
}

@article{san2018extreme,
  title={Extreme learning machine for reduced order modeling of turbulent geophysical flows},
  author={San, Omer and Maulik, Romit},
  journal={Phys. Rev. E},
  volume={97},
  number={4},
  pages={042322},
  year={2018},
  publisher={APS}
}

@article{proctor2016dynamic,
  title={Dynamic mode decomposition with control},
  author={Proctor, Joshua L and Brunton, Steven L and Kutz, J Nathan},
  journal={SIAM J. Appl. Dyn. Syst.},
  volume={15},
  number={1},
  pages={142--161},
  year={2016},
  publisher={SIAM}
}

@article{peherstorfer2016optimal,
  title={{Optimal model management for multifidelity Monte Carlo estimation}},
  author={Peherstorfer, Benjamin and Willcox, Karen and Gunzburger, Max},
  journal={SIAM J. Sci. Comput.},
  volume={38},
  number={5},
  pages={A3163--A3194},
  year={2016},
  publisher={SIAM}
}

@article{sapsis2013statistically,
  title={{Statistically accurate low-order models for uncertainty quantification in turbulent dynamical systems}},
  author={Sapsis, Themistoklis P and Majda, Andrew J},
  journal={P. Natl. Acad. Sci. USA},
  volume={110},
  number={34},
  pages={13705--13710},
  year={2013},
  publisher={National Academy of Sciences}
}

@article{san2019artificial,
  title={An artificial neural network framework for reduced order modeling of transient flows},
  author={San, Omer and Maulik, Romit and Ahmed, Mansoor},
  journal={Commun. Nonlinear Sci.},
  year={2019},
  publisher={Elsevier}
}

@article{san2018neural,
  title={Neural network closures for nonlinear model order reduction},
  author={San, Omer and Maulik, Romit},
  journal={Adv. Comput. Math.},
  volume={44},
  number={6},
  pages={1717--1750},
  year={2018},
  publisher={Springer}
}

@article{xie2018data,
  title={Data-driven filtered reduced order modeling of fluid flows},
  author={Xie, Xuping and Mohebujjaman, Muhammad and Rebholz, Leo G and Iliescu, Traian},
  journal={SIAM J. Sci. Comput},
  volume={40},
  number={3},
  pages={B834--B857},
  year={2018},
  publisher={SIAM}
}

@article{wells2017evolve,
  title={An evolve-then-filter regularized reduced order model for convection-dominated flows},
  author={Wells, David and Wang, Zhu and Xie, Xuping and Iliescu, Traian},
  journal={Int. J. Numer. Meth. Fl.},
  volume={84},
  number={10},
  pages={598--615},
  year={2017},
  publisher={Wiley Online Library}
}

@article{kosambi1943statistics,
  title={Statistics in Function Space},
  author={Kosambi, DD},
  journal={J Indian Math. Soc.},
  volume={7},
  pages={76--88},
  year={1943}
}

@article{berkooz1993proper,
  title={The proper orthogonal decomposition in the analysis of turbulent flows},
  author={Berkooz, Gal and Holmes, Philip and Lumley, John L},
  journal={Annu. Rev. Fluid Mech.},
  volume={25},
  number={1},
  pages={539--575},
  year={1993},
  publisher={Annual Reviews 4139 El Camino Way, PO Box 10139, Palo Alto, CA 94303-0139, USA}
}

@article{bec2007burgers,
  title={Burgers turbulence},
  author={Bec, J{\'e}r{\'e}mie and Khanin, Konstantin},
  journal={Phys. Rep.},
  volume={447},
  number={1-2},
  pages={1--66},
  year={2007},
  publisher={Elsevier}
}

@article{lee2018model,
  title={Model reduction of dynamical systems on nonlinear manifolds using deep convolutional autoencoders},
  author={Lee, Kookjin and Carlberg, Kevin},
  journal={arXiv preprint arXiv:1812.08373},
  year={2018}
}

@article{choi2019space,
  title={Space--Time Least-Squares Petrov--Galerkin Projection for Nonlinear Model Reduction},
  author={Choi, Youngsoo and Carlberg, Kevin},
  journal={SIAM J. Sci. Comput.},
  volume={41},
  number={1},
  pages={A26--A58},
  year={2019},
  publisher={SIAM}
}

@article{zahr2018efficient,
  title={An efficient, globally convergent method for optimization under uncertainty using adaptive model reduction and sparse grids},
  author={Zahr, Matthew J and Carlberg, Kevin T and Kouri, Drew P},
  journal={arXiv preprint arXiv:1811.00177},
  year={2018}
}

@article{mohebujjaman2019physically,
  title={Physically constrained data-driven correction for reduced-order modeling of fluid flows},
  author={Mohebujjaman, Muhammad and Rebholz, Leo G and Iliescu, Traian},
  journal={Int. J. Numer. Meth. Fl.},
  volume={89},
  number={3},
  pages={103--122},
  year={2019},
  publisher={Wiley Online Library}
}

@article{wang2019non,
  title={Non-intrusive reduced order modeling of unsteady flows using artificial neural networks with application to a combustion problem},
  author={Wang, Qian and Hesthaven, Jan S and Ray, Deep},
  journal={J. Comp. Phys.},
  volume={384},
  pages={289--307},
  year={2019},
  publisher={Elsevier}
}

@article{maulik2018explicit,
  title={{Explicit and implicit LES closures for Burgers turbulence}},
  author={Maulik, Romit and San, Omer},
  journal={J. Comp. Appl. Math},
  volume={327},
  pages={12--40},
  year={2018},
  publisher={Elsevier}
}

@book{evans2008statistical,
  title={Statistical mechanics of nonequilibrium liquids},
  author={Evans, Denis J and Morriss, Gary},
  year={2008},
  publisher={Cambridge University Press}
}

@article{mori1965transport,
  title={{Transport, collective motion, and Brownian motion}},
  author={Mori, Hazime},
  journal={Prog. Theor. Phys.},
  volume={33},
  number={3},
  pages={423--455},
  year={1965},
  publisher={Oxford University Press}
}

@article{zwanzig1973nonlinear,
  title={{Nonlinear generalized Langevin equations}},
  author={Zwanzig, Robert},
  journal={J. Stat. Phys.},
  volume={9},
  number={3},
  pages={215--220},
  year={1973},
  publisher={Springer}
}

@article{champion2019data,
  title={Data-driven discovery of coordinates and governing equations},
  author={Champion, Kathleen and Lusch, Bethany and Kutz, J Nathan and Brunton, Steven L},
  journal={arXiv preprint arXiv:1904.02107},
  year={2019}
}

@article{lusch2018deep,
  title={Deep learning for universal linear embeddings of nonlinear dynamics},
  author={Lusch, Bethany and Kutz, J Nathan and Brunton, Steven L},
  journal={Nature Comm.},
  volume={9},
  number={1},
  pages={4950},
  year={2018},
  publisher={Nature Publishing Group}
}

@article{mohan2018deep,
  title={{A deep learning based approach to reduced order modeling for turbulent flow control using LSTM neural networks}},
  author={Mohan, Arvind T and Gaitonde, Datta V},
  journal={arXiv preprint arXiv:1804.09269},
  year={2018}
}


@article{mohan2019compressed,
  title={{Compressed Convolutional LSTM: An Efficient Deep Learning framework to Model High Fidelity 3D Turbulence}},
  author={Mohan, Arvind and Daniel, Don and Chertkov, Michael and Livescu, Daniel},
  journal={arXiv preprint arXiv:1903.00033},
  year={2019}
}

@article{guo2019data,
  title={Data-driven reduced order modeling for time-dependent problems},
  author={Guo, Mengwu and Hesthaven, Jan S},
  journal={Comput. Meth. Appl. M.},
  volume={345},
  pages={75--99},
  year={2019},
  publisher={Elsevier}
}

@article{brunton2016discovering,
  title={Discovering governing equations from data by sparse identification of nonlinear dynamical systems},
  author={Brunton, Steven L and Proctor, Joshua L and Kutz, J Nathan},
  journal={P. Natl. Acad. Sci. USA},
  volume={113},
  number={15},
  pages={3932--3937},
  year={2016},
  publisher={National Academy of Sciences}
}

@book{kutz2016dynamic,
  title={Dynamic mode decomposition: data-driven modeling of complex systems},
  author={Kutz, J Nathan and Brunton, Steven L and Brunton, Bingni W and Proctor, Joshua L},
  year={2016},
  publisher={SIAM}
}

@article{rudy2017data,
  title={Data-driven discovery of partial differential equations},
  author={Rudy, Samuel H and Brunton, Steven L and Proctor, Joshua L and Kutz, J Nathan},
  journal={Science Adv.},
  volume={3},
  number={4},
  pages={e1602614},
  year={2017},
  publisher={American Association for the Advancement of Science}
}

@article{yeo2019deep,
  title={Deep learning algorithm for data-driven simulation of noisy dynamical system},
  author={Yeo, Kyongmin and Melnyk, Igor},
  journal={J. Comp. Phys.},
  volume={376},
  pages={1212--1231},
  year={2019},
  publisher={Elsevier}
}

@article{haber2017stable,
  title={Stable architectures for deep neural networks},
  author={Haber, Eldad and Ruthotto, Lars},
  journal={Inverse Probl.},
  volume={34},
  number={1},
  pages={014004},
  year={2017},
  publisher={IOP Publishing}
}

@inproceedings{chen2018neural,
  title={Neural ordinary differential equations},
  author={Chen, Tian Qi and Rubanova, Yulia and Bettencourt, Jesse and Duvenaud, David K},
  booktitle={Adv. Neur. In.},
  pages={6571--6583},
  year={2018}
}

@article{ruthotto2018deep,
  title={Deep neural networks motivated by partial differential equations},
  author={Ruthotto, Lars and Haber, Eldad},
  journal={arXiv preprint arXiv:1804.04272},
  year={2018}
}

@article{behrmann2018invertible,
  title={Invertible residual networks},
  author={Behrmann, Jens and Duvenaud, David and Jacobsen, J{\"o}rn-Henrik},
  journal={arXiv preprint arXiv:1811.00995},
  year={2018}
}

@article{gottlieb1998total,
  title={{Total variation diminishing Runge-Kutta schemes}},
  author={Gottlieb, Sigal and Shu, Chi-Wang},
  journal={Math. Comput},
  volume={67},
  number={221},
  pages={73--85},
  year={1998}
}

@article{san2013stationary,
  title={{Stationary two-dimensional turbulence statistics using a Markovian forcing scheme}},
  author={San, Omer and Staples, Anne E},
  journal={Compu. Fluids},
  volume={71},
  pages={1--18},
  year={2013},
  publisher={Elsevier}
}